@article{emailspamfiltering,
    author = {V.Christina, and S.Karpagavalli, and G.Suganya,},
    year = {2010},
    month = {12},
    pages = {},
    title = {Email Spam Filtering using Supervised Machine Learning Techniques},
    volume = {2},
    journal = {International Journal on Computer Science and Engineering}
}